% A
@article{59,
  title={Implementation of a restarted Krylov subspace method for the evaluation of matrix functions},
  author={Afanasjew, Martin and Eiermann, Michael and Ernst, Oliver G and G{\"u}ttel, Stefan},
  journal={Linear Algebra and its applications},
  volume={429},
  number={10},
  pages={2293--2314},
  year={2008},
  publisher={Elsevier}
}

@article{4,
        author = {Arioli, Mario and Loghin, Daniel},
        title = {Discrete interpolation norms with applications},
        journal = {SIAM Journal on Numerical Analysis},
        volume = {47},
        number = {4},
        pages = {2924-2951},
        year = {2009},
        doi = {10.1137/080729360},
        URL = {https://doi.org/10.1137/080729360},
        eprint = {https://doi.org/10.1137/080729360},
        abstract = { We describe norm representations for interpolation spaces generated by finite-dimensional subspaces of Hilbert spaces. These norms are products of integer and noninteger powers of the Grammian matrices associated with the generating pair of spaces for the interpolation space. We include a brief description of some of the algorithms which allow the efficient computation of matrix powers. We consider in some detail the case of fractional Sobolev spaces both for positive and negative indices together with applications arising in preconditioning techniques. Numerical experiments are included. }
}

% B
@article{46,
  title={Randomized linear algebra for model reduction. Part I: Galerkin methods and error estimation},
  author={Balabanov, Oleg and Nouy, Anthony},
  journal={Advances in Computational Mathematics},
  volume={45},
  number={5},
  pages={2969--3019},
  year={2019},
  publisher={Springer}
}

@article{11,
  title={An iterative method to compute the Sign function of a non-Hermitian matrix and its application to the overlap Dirac operator at nonzero chemical potential},
  author={Bloch, Jacques and Frommer, Andreas and Lang, Bruno and Wettig, Tilo},
  journal={Computer Physics Communications},
  volume={177},
  number={12},
  pages={933--943},
  year={2007},
  publisher={Elsevier}
}

@article{16,
  title={Overlap Dirac operator at nonzero chemical potential and random matrix theory},
  author={Bloch, Jacques and Wettig, Tilo},
  journal={Physical review letters},
  volume={97},
  number={1},
  pages={012003},
  year={2006},
  publisher={APS}
}

@inproceedings{47,
  title={Fast methods for computing the Neuberger operator},
  author={Bori{\c{c}}i, Artan},
  booktitle={Numerical challenges in lattice quantum chromodynamics: Joint interdisciplinary workshop of John von Neumann Institute for Computing, J{\"u}lich, and Institute of Applied Computer Science, Wuppertal University, August 1999},
  pages={40--47},
  year={2000},
  organization={Springer}
}

@article{32,
  title={Multigrid preconditioning for the overlap operator in lattice QCD},
  author={Brannick, James and Frommer, Andreas and Kahl, Karsten and Leder, Bj{\"o}rn and Rottmann, Matthias and Strebel, Artur},
  journal={Numerische Mathematik},
  volume={132},
  number={3},
  pages={463--490},
  year={2016},
  publisher={Springer}
}

@article{9,
  title={An efficient implicit FEM scheme for fractional-in-space reaction-diffusion equations},
  author={Burrage, Kevin and Hale, Nicholas and Kay, David},
  journal={SIAM Journal on Scientific Computing},
  volume={34},
  number={4},
  pages={A2145--A2172},
  year={2012},
  publisher={SIAM}
}

@article{24,
  title={Numerical stability and instability in matrix Sign function based algorithms},
  author={Byers, Ralph},
  journal={Computational and combinatorial methods in systems theory},
  pages={185--200},
  year={1986}
}

@article{25,
  title={The matrix Sign function method and the computation of invariant subspaces},
  author={Byers, Ralph and He, Chunyang and Mehrmann, Volker},
  journal={SIAM Journal on Matrix Analysis and Applications},
  volume={18},
  number={3},
  pages={615--632},
  year={1997},
  publisher={SIAM}
}

% C
@article{58,
  title={Computation of the matrix pth root and its Fr{\'e}chet derivative by integrals},
  author={Cardoso, Joao R},
  journal={Electron. Trans. Numer. Anal},
  volume={39},
  pages={414--436},
  year={2012}
}

% D
@article{53,
  title={Divided differences, Surv. Approx. Theory 1 (2005) 46--69},
  author={de Boor, C},
  journal={arXiv preprint math/0502036}
}

@article{28,
  title={The range of A- 1A in GL (n, C)},
  author={DePrima, Charles R and Johnson, Charles R},
  journal={Linear Algebra and its Applications},
  volume={9},
  pages={209--222},
  year={1974},
  publisher={Elsevier}
}

@article{17,
  title={Two polynomial methods of calculating functions of symmetric matrices},
  author={Druskin, Vladimir L and Knizhnerman, Leonid A},
  journal={USSR Computational Mathematics and Mathematical Physics},
  volume={29},
  number={6},
  pages={112--121},
  year={1989},
  publisher={Elsevier}
}

@article{19,
  title={Extended Krylov subspaces: approximation of the matrix square root and related functions},
  author={Druskin, Vladimir and Knizhnerman, Leonid},
  journal={SIAM Journal on Matrix Analysis and Applications},
  volume={19},
  number={3},
  pages={755--771},
  year={1998},
  publisher={SIAM}
}

@article{29,
  title={Ab initio determination of light hadron masses},
  author={Durr, S and Fodor, Zolt{\`a}n and Frison, Julien and Hoelbling, Christian and Hoffmann, Roland and Katz, Sandor D and Krieg, Stefan and Kurth, Thorsten and Lellouch, Laurent and Lippert, Thomas and others},
  journal={Science},
  volume={322},
  number={5905},
  pages={1224--1227},
  year={2008},
  publisher={American Association for the Advancement of Science}
}

% E
@article{44,
  title={A restarted Krylov subspace method for the evaluation of matrix functions},
  author={Eiermann, Michael and Ernst, Oliver G},
  journal={SIAM Journal on Numerical Analysis},
  volume={44},
  number={6},
  pages={2481--2504},
  year={2006},
  publisher={SIAM}
}

@article{56,
  title={Deflated restarting for matrix functions},
  author={Eiermann, Michael and Ernst, Oliver G and G{\"u}ttel, Stefan},
  journal={SIAM Journal on Matrix Analysis and Applications},
  volume={32},
  number={2},
  pages={621--641},
  year={2011},
  publisher={SIAM}
}

% F
@article{12,
  title={A no-go result for implementing Chiral symmetries by locality-preserving unitaries in a three-dimensional Hamiltonian lattice model of Fermions},
  author={Fidkowski, Lukasz and Xu, Cenke},
  journal={Physical Review Letters},
  volume={131},
  number={19},
  pages={196601},
  year={2023},
  publisher={APS}
}

@article{52,
  title={Efficient and stable Arnoldi restarts for matrix functions based on quadrature},
  author={Frommer, Andreas and G{\"u}ttel, Stefan and Schweitzer, Marcel},
  journal={SIAM Journal on Matrix Analysis and Applications},
  volume={35},
  number={2},
  pages={661--683},
  year={2014},
  publisher={SIAM}
}

@article{49,
  title={Polynomial preconditioning for the action of the matrix square root and inverse square root},
  author={Frommer, Andreas and Ramirez-Hidalgo, Gustavo and Schweitzer, Marcel and Tsolakis, Manuel},
  journal={arXiv preprint arXiv:2401.06684},
  year={2024}
}

% G
@article{57,
  title={Quadrature formulae on half-infinite intervals},
  author={Gautschi, Walter},
  journal={BIT Numerical Mathematics},
  volume={31},
  number={3},
  pages={437--446},
  year={1991},
  publisher={Springer}
}

@article{20,
  title={Rational Krylov approximation of matrix functions: Numerical methods and optimal pole selection},
  author={G{\"u}ttel, Stefan},
  journal={GAMM-Mitteilungen},
  volume={36},
  number={1},
  pages={8--31},
  year={2013},
  publisher={Wiley Online Library}
}

@article{41,
  title={Randomized sketching for Krylov approximations of large-scale matrix functions},
  author={G{\"u}ttel, Stefan and Schweitzer, Marcel},
  journal={SIAM Journal on Matrix Analysis and Applications},
  volume={44},
  number={3},
  pages={1073--1095},
  year={2023},
  publisher={SIAM}
}

@article{21,
  title={A black-box rational Arnoldi variant for Cauchy--Stieltjes matrix functions},
  author={G{\"u}ttel, Stefan and Knizhnerman, Leonid},
  journal={BIT Numerical Mathematics},
  volume={53},
  number={3},
  pages={595--616},
  year={2013},
  publisher={Springer}
}

% H
@misc{8,
  title={Functions of Matrices: Theory and Computation},
  author={Higham, Nicholas J},
  year={2008},
  publisher={SIAM}
}

@article{27,
  title={The matrix sign decomposition and its relation to the polar decomposition},
  author={Higham, Nicholas J},
  journal={Linear Algebra and its Applications},
  volume={212},
  pages={3--20},
  year={1994},
  publisher={Elsevier}
}

@article{1,
        author = {Hochbruck, Marlis and Lubich, Christian},
        title = {On Krylov subspace approximations to the matrix exponential operator},
        journal = {SIAM Journal on Numerical Analysis},
        volume = {34},
        number = {5},
        pages = {1911-1925},
        year = {1997},
        doi = {10.1137/S0036142995280572},
        URL = {https://doi.org/10.1137/S0036142995280572},
        eprint = {https://doi.org/10.1137/S0036142995280572},
        abstract = { Krylov subspace methods for approximating the action of matrix exponentials are analyzed in this paper. We derive error bounds via a functional calculus of Arnoldi and Lanczos methods that reduces the study of Krylov subspace approximations of functions of matrices to that of linear systems of equations. As a side result, we obtain error bounds for Galerkin-type Krylov methods for linear equations, namely, the biconjugate gradient method and the full orthogonalization method. For Krylov approximations to matrix exponentials, we show superlinear error decay from relatively small iteration numbers onwards, depending on the geometry of the numerical range, the spectrum, or the pseudospectrum. The convergence to exp\$(\tau A)v\$ is faster than that of corresponding Krylov methods for the solution of linear equations \$(I-\tau A)x=v\$, which usually arise in the numerical solution of stiff ordinary differential equations (ODEs). We therefore propose a new class of time integration methods for large systems of nonlinear differential equations which use Krylov approximations to the exponential function of the Jacobian instead of solving linear or nonlinear systems of equations in every time step. }
}

@article{2, 
        title={Exponential integrators}, 
        volume={19},
        doi={10.1017/S0962492910000048}, 
        journal={Acta Numerica}, 
        author={Hochbruck, Marlis and Ostermann, Alexander}, 
        year={2010}, 
        pages={209–286}
}

% I
@article{5,
    author = {Ilić, M. and Turner, I. W. and Simpson, D. P.},
    title = {A restarted Lanczos approximation to functions of a symmetric matrix},
    journal = {IMA Journal of Numerical Analysis},
    volume = {30},
    number = {4},
    pages = {1044-1061},
    year = {2009},
    month = {06},
    abstract = {In this paper the error term in the ‘first’ method of Eiermann \&amp; Ernst (2006, SIAM J. Numer. Anal., 44, 2481–2504) for restarting the Lanczos approximation of the matrix–vector product f(A)b, where A ∈ ℝn× n is symmetric, is re-derived and expressed as an explicit partial fraction expansion of the divided differences. The partial fraction representation makes the new variant slightly more stable (albeit still unstable) than the former method because it requires fewer finite-difference evaluations. We then present an error bound for the restarted Lanczos approximation of f(A)b for symmetric positive-definite A when f is in a particular class of completely monotone functions and illustrate for some important matrix function applications the usefulness of these bounds for terminating the restart process once the desired accuracy in the matrix function approximation has been achieved. Finally, in an attempt to overcome the inherent instability of our restart procedure, we propose a simple heuristic that identifies when to halt the iterations.},
    issn = {0272-4979},
    doi = {10.1093/imanum/drp003},
    url = {https://doi.org/10.1093/imanum/drp003},
    eprint = {https://academic.oup.com/imajna/article-pdf/30/4/1044/2066924/drp003.pdf},
}

% J
% K
@article{30,
  title={Lattice-QCD-based equations of state at finite temperature and density},
  author={Karthein, Jamie M and Mroczek, Debora and Acuna, Angel Nava and Noronha-Hostler, Jacquelyn and Parotto, Paolo and Price, Damien RP and Ratti, Claudia},
  journal={arXiv preprint arXiv:2211.04566},
  year={2022}
}

@article{22,
  title={The matrix sign function},
  author={Kenney, Charles S and Laub, Alan J},
  journal={IEEE transactions on automatic control},
  volume={40},
  number={8},
  pages={1330--1348},
  year={1995},
  publisher={IEEE}
}

@article{26,
  title={A hyperbolic tangent identity and the geometry of Pad{\'e} sign function iterations},
  author={Kenney, Charles S and Laub, Alan J},
  journal={Numerical Algorithms},
  volume={7},
  number={2},
  pages={111--128},
  year={1994},
  publisher={Springer}
}

@article{35,
  title={Chiral symmetry restoration in baryon rich environments},
  author={Kogut, J and Matsuoka, H and Stone, M and Wyld, HW and Shenker, S and Shigemitsu, J and Sinclair, DK},
  journal={Nuclear Physics B},
  volume={225},
  number={1},
  pages={93--122},
  year={1983},
  publisher={Elsevier}
}

% L 
% M 
@article{42,
  title={Randomized numerical linear algebra: Foundations and algorithms},
  author={Martinsson, Per-Gunnar and Tropp, Joel A},
  journal={Acta Numerica},
  volume={29},
  pages={403--572},
  year={2020},
  publisher={Cambridge University Press}
}

@article{3,
        author = {Moler, Cleve and Van Loan, Charles},
        title = {Nineteen dubious ways to compute the exponential of a matrix, twenty-five years later},
        journal = {SIAM Review},
        volume = {45},
        number = {1},
        pages = {3-49},
        year = {2003},
        doi = {10.1137/S00361445024180},
        URL = {https://doi.org/10.1137/S00361445024180},
        eprint = {https://doi.org/10.1137/S00361445024180},
        abstract = { In principle, the exponential of a matrix could be computed in many ways. Methods involving approximation theory, differential equations, the matrix eigenvalues, and the matrix characteristic polynomial have been proposed. In practice, consideration of computational stability and efficiency indicates that some of the methods are preferable to others but that none are completely satisfactory.Most of this paper was originally published in 1978. An update, with a separate bibliography, describes a few recent developments. }
}

@book{31,
  title={Quantum fields on a lattice},
  author={Montvay, Istv{\'a}n and M{\"u}nster, Gernot},
  year={1994},
  publisher={Cambridge University Press}
}

% N 
@article{13,
  title={Extensively parallelizable chiral Fermion},
  author={Nagai, Yuki and Tomiya, Akio},
  journal={arXiv preprint arXiv:2204.01583},
  year={2022}
}

@article{43,
  title={Fast and accurate randomized algorithms for linear systems and eigenvalue problems},
  author={Nakatsukasa, Yuji and Tropp, Joel A},
  journal={SIAM Journal on Matrix Analysis and Applications},
  volume={45},
  number={2},
  pages={1183--1214},
  year={2024},
  publisher={SIAM}
}

@article{14,
  title={A practical implementation of the overlap Dirac operator},
  author={Neuberger, Herbert},
  journal={Physical Review Letters},
  volume={81},
  number={19},
  pages={4060},
  year={1998},
  publisher={APS}
}

@techreport{33,
  title={No-go theorum for regularizing chiral Fermions},
  author={Nielsen, Holger Bech and Ninomiya, Masao},
  year={1981},
  institution={Science Research Council}
}

% O 
% P
@article{34,
title = {Finite Fermion density on the lattice},
journal = {Physics Reports},
volume = {103},
number = {1},
pages = {219-223},
year = {1984},
issn = {0370-1573},
doi = {https://doi.org/10.1016/0370-1573(84)90083-8},
url = {https://www.sciencedirect.com/science/article/pii/0370157384900838},
author = {P. Hasenfratz and F. Karsch},
abstract = {The naïve way of introducing finite fermion density on the lattice leads to quadratic divergences even for free fermions. The problem is discussed and a simple solution is suggested in this paper.}
}

@article{6,
  title={Fast matrix square roots with applications to Gaussian processes and Bayesian optimization},
  author={Pleiss, Geoff and Jankowiak, Martin and Eriksson, David and Damle, Anil and Gardner, Jacob},
  journal={Advances in neural information processing systems},
  volume={33},
  pages={22268--22281},
  year={2020}
}

% Q
% R
@article{23,
  title={Linear model reduction and solution of the algebraic Riccati equation by use of the Sign function},
  author={Roberts, John Douglas},
  journal={International Journal of Control},
  volume={32},
  number={4},
  pages={677--687},
  year={1980},
  publisher={Taylor \& Francis}
}

% S
@article{18,
  title={Analysis of some Krylov subspace approximations to the matrix exponential operator},
  author={Saad, Yousef},
  journal={SIAM Journal on Numerical Analysis},
  volume={29},
  number={1},
  pages={209--228},
  year={1992},
  publisher={SIAM}
}

@book{38,
  title={Iterative methods for sparse linear systems},
  author={Saad, Yousef},
  year={2003},
  publisher={SIAM}
}

@book{48,
  title={Model order reduction: theory, research aspects and applications},
  author={Schilders, Wilhelmus HA and Van der Vorst, Henk A and Rommes, Joost},
  volume={13},
  year={2008},
  publisher={Springer}
}

@phdthesis{37,
  title={Restarting and error estimation in polynomial and extended Krylov subspace methods for the approximation of matrix functions},
  author={Schweitzer, Marcel},
  year={2016},
  school={University of Wuppertal}
}

@article{7,
  title={The representation of social processes by Markov models},
  author={Singer, Burton and Spilerman, Seymour},
  journal={American Journal of Sociology},
  volume={82},
  number={1},
  pages={1--54},
  year={1976},
  publisher={University of Chicago Press}
}

@book{40,
  title={Matrix Algorithms: Volume II: Eigensystems},
  author={Stewart, Gilbert W},
  year={2001},
  publisher={SIAM}
}

% T
@article{45,
  title={On restart and error estimation for Krylov approximation of w=f(A)v},
  author={Tal-Ezer, Hillel},
  journal={SIAM Journal on Scientific Computing},
  volume={29},
  number={6},
  pages={2426--2441},
  year={2007},
  publisher={SIAM}
}

@phdthesis{15,
  title={Efficient computation of the action of matrix rational functions and laplace transforms},
  author={Tsolakis, Manuel},
  year={2023},
  school={Bergische Universit{\"a}t Wuppertal, 2023}
}

% U
% V
@article{10,
  title={Numerical methods for the QCD overlap operator. I. Sign-function and error bounds},
  author={van den Eshof, Jasper and Frommer, Andreas and Lippert, Th and Schilling, Klaus and van der Vorst, Henk A},
  journal={Computer physics communications},
  volume={146},
  number={2},
  pages={203--224},
  year={2002},
  publisher={Elsevier}
}

% W
% X 
% Y 
% Z